%YAML 1.1
%TAG !u! tag:unity3d.com,2011:
--- !u!1 &2274581953455293751
GameObject:
  m_ObjectHideFlags: 0
  m_CorrespondingSourceObject: {fileID: 0}
  m_PrefabInstance: {fileID: 0}
  m_PrefabAsset: {fileID: 0}
  serializedVersion: 6
  m_Component:
  - component: {fileID: 2274581953455293750}
  - component: {fileID: 2274581953455293745}
  m_Layer: 0
  m_Name: GuidesLeftArm
  m_TagString: Untagged
  m_Icon: {fileID: 0}
  m_NavMeshLayer: 0
  m_StaticEditorFlags: 0
  m_IsActive: 1
--- !u!4 &2274581953455293750
Transform:
  m_ObjectHideFlags: 0
  m_CorrespondingSourceObject: {fileID: 0}
  m_PrefabInstance: {fileID: 0}
  m_PrefabAsset: {fileID: 0}
  m_GameObject: {fileID: 2274581953455293751}
  m_LocalRotation: {x: 0, y: 0, z: 0, w: 1}
  m_LocalPosition: {x: 3.736, y: 2.7510853, z: 4.269}
  m_LocalScale: {x: 1, y: 1, z: 1}
  m_Children:
  - {fileID: 2274581952932019029}
  - {fileID: 1684305270975445551}
  - {fileID: 1684305270610620679}
  - {fileID: 1684305269568714461}
  - {fileID: 1684305270817911844}
  - {fileID: 1684305271110150305}
  m_Father: {fileID: 0}
  m_RootOrder: 0
  m_LocalEulerAnglesHint: {x: 0, y: 0, z: 0}
--- !u!114 &2274581953455293745
MonoBehaviour:
  m_ObjectHideFlags: 0
  m_CorrespondingSourceObject: {fileID: 0}
  m_PrefabInstance: {fileID: 0}
  m_PrefabAsset: {fileID: 0}
  m_GameObject: {fileID: 2274581953455293751}
  m_Enabled: 1
  m_EditorHideFlags: 0
  m_Script: {fileID: 11500000, guid: 66834ac11dacf3c4cafa78f723e88587, type: 3}
  m_Name: 
  m_EditorClassIdentifier: 
  guideBalls: []
--- !u!1001 &1684305270848503869
PrefabInstance:
  m_ObjectHideFlags: 0
  serializedVersion: 2
  m_Modification:
    m_TransformParent: {fileID: 2274581953455293750}
    m_Modifications:
    - target: {fileID: 634772820906785619, guid: af6cdbb4785c20848a359fb4a4895d73,
        type: 3}
      propertyPath: m_Name
      value: Guide
      objectReference: {fileID: 0}
    - target: {fileID: 634772820906785640, guid: af6cdbb4785c20848a359fb4a4895d73,
        type: 3}
      propertyPath: m_LocalPosition.x
      value: -0.010999918
      objectReference: {fileID: 0}
    - target: {fileID: 634772820906785640, guid: af6cdbb4785c20848a359fb4a4895d73,
        type: 3}
      propertyPath: m_LocalPosition.y
      value: 0.184
      objectReference: {fileID: 0}
    - target: {fileID: 634772820906785640, guid: af6cdbb4785c20848a359fb4a4895d73,
        type: 3}
      propertyPath: m_LocalPosition.z
      value: -0.441
      objectReference: {fileID: 0}
    - target: {fileID: 634772820906785640, guid: af6cdbb4785c20848a359fb4a4895d73,
        type: 3}
      propertyPath: m_LocalRotation.x
      value: -0
      objectReference: {fileID: 0}
    - target: {fileID: 634772820906785640, guid: af6cdbb4785c20848a359fb4a4895d73,
        type: 3}
      propertyPath: m_LocalRotation.y
      value: -0
      objectReference: {fileID: 0}
    - target: {fileID: 634772820906785640, guid: af6cdbb4785c20848a359fb4a4895d73,
        type: 3}
      propertyPath: m_LocalRotation.z
      value: -0
      objectReference: {fileID: 0}
    - target: {fileID: 634772820906785640, guid: af6cdbb4785c20848a359fb4a4895d73,
        type: 3}
      propertyPath: m_LocalRotation.w
      value: 1
      objectReference: {fileID: 0}
    - target: {fileID: 634772820906785640, guid: af6cdbb4785c20848a359fb4a4895d73,
        type: 3}
      propertyPath: m_RootOrder
      value: 0
      objectReference: {fileID: 0}
    - target: {fileID: 634772820906785640, guid: af6cdbb4785c20848a359fb4a4895d73,
        type: 3}
      propertyPath: m_LocalEulerAnglesHint.x
      value: 0
      objectReference: {fileID: 0}
    - target: {fileID: 634772820906785640, guid: af6cdbb4785c20848a359fb4a4895d73,
        type: 3}
      propertyPath: m_LocalEulerAnglesHint.y
      value: 0
      objectReference: {fileID: 0}
    - target: {fileID: 634772820906785640, guid: af6cdbb4785c20848a359fb4a4895d73,
        type: 3}
      propertyPath: m_LocalEulerAnglesHint.z
      value: 0
      objectReference: {fileID: 0}
    m_RemovedComponents: []
  m_SourcePrefab: {fileID: 100100000, guid: af6cdbb4785c20848a359fb4a4895d73, type: 3}
--- !u!4 &2274581952932019029 stripped
Transform:
  m_CorrespondingSourceObject: {fileID: 634772820906785640, guid: af6cdbb4785c20848a359fb4a4895d73,
    type: 3}
  m_PrefabInstance: {fileID: 1684305270848503869}
  m_PrefabAsset: {fileID: 0}
--- !u!1001 &2274581952695505865
PrefabInstance:
  m_ObjectHideFlags: 0
  serializedVersion: 2
  m_Modification:
    m_TransformParent: {fileID: 2274581953455293750}
    m_Modifications:
    - target: {fileID: 634772820906785619, guid: af6cdbb4785c20848a359fb4a4895d73,
        type: 3}
      propertyPath: m_Name
      value: Guide (5)
      objectReference: {fileID: 0}
    - target: {fileID: 634772820906785640, guid: af6cdbb4785c20848a359fb4a4895d73,
        type: 3}
      propertyPath: m_LocalPosition.x
      value: 0.033
      objectReference: {fileID: 0}
    - target: {fileID: 634772820906785640, guid: af6cdbb4785c20848a359fb4a4895d73,
        type: 3}
      propertyPath: m_LocalPosition.y
      value: 0.531
      objectReference: {fileID: 0}
    - target: {fileID: 634772820906785640, guid: af6cdbb4785c20848a359fb4a4895d73,
        type: 3}
      propertyPath: m_LocalPosition.z
      value: 0.649
      objectReference: {fileID: 0}
    - target: {fileID: 634772820906785640, guid: af6cdbb4785c20848a359fb4a4895d73,
        type: 3}
      propertyPath: m_LocalRotation.x
      value: -0
      objectReference: {fileID: 0}
    - target: {fileID: 634772820906785640, guid: af6cdbb4785c20848a359fb4a4895d73,
        type: 3}
      propertyPath: m_LocalRotation.y
      value: -0
      objectReference: {fileID: 0}
    - target: {fileID: 634772820906785640, guid: af6cdbb4785c20848a359fb4a4895d73,
        type: 3}
      propertyPath: m_LocalRotation.z
      value: -0
      objectReference: {fileID: 0}
    - target: {fileID: 634772820906785640, guid: af6cdbb4785c20848a359fb4a4895d73,
        type: 3}
      propertyPath: m_LocalRotation.w
      value: 1
      objectReference: {fileID: 0}
    - target: {fileID: 634772820906785640, guid: af6cdbb4785c20848a359fb4a4895d73,
        type: 3}
      propertyPath: m_RootOrder
      value: 5
      objectReference: {fileID: 0}
    - target: {fileID: 634772820906785640, guid: af6cdbb4785c20848a359fb4a4895d73,
        type: 3}
      propertyPath: m_LocalEulerAnglesHint.x
      value: 0
      objectReference: {fileID: 0}
    - target: {fileID: 634772820906785640, guid: af6cdbb4785c20848a359fb4a4895d73,
        type: 3}
      propertyPath: m_LocalEulerAnglesHint.y
      value: 0
      objectReference: {fileID: 0}
    - target: {fileID: 634772820906785640, guid: af6cdbb4785c20848a359fb4a4895d73,
        type: 3}
      propertyPath: m_LocalEulerAnglesHint.z
      value: 0
      objectReference: {fileID: 0}
    m_RemovedComponents: []
  m_SourcePrefab: {fileID: 100100000, guid: af6cdbb4785c20848a359fb4a4895d73, type: 3}
--- !u!4 &1684305271110150305 stripped
Transform:
  m_CorrespondingSourceObject: {fileID: 634772820906785640, guid: af6cdbb4785c20848a359fb4a4895d73,
    type: 3}
  m_PrefabInstance: {fileID: 2274581952695505865}
  m_PrefabAsset: {fileID: 0}
--- !u!1001 &2274581952970608460
PrefabInstance:
  m_ObjectHideFlags: 0
  serializedVersion: 2
  m_Modification:
    m_TransformParent: {fileID: 2274581953455293750}
    m_Modifications:
    - target: {fileID: 634772820906785619, guid: af6cdbb4785c20848a359fb4a4895d73,
        type: 3}
      propertyPath: m_Name
      value: Guide (4)
      objectReference: {fileID: 0}
    - target: {fileID: 634772820906785640, guid: af6cdbb4785c20848a359fb4a4895d73,
        type: 3}
      propertyPath: m_LocalPosition.x
      value: -0.046
      objectReference: {fileID: 0}
    - target: {fileID: 634772820906785640, guid: af6cdbb4785c20848a359fb4a4895d73,
        type: 3}
      propertyPath: m_LocalPosition.y
      value: 0.353
      objectReference: {fileID: 0}
    - target: {fileID: 634772820906785640, guid: af6cdbb4785c20848a359fb4a4895d73,
        type: 3}
      propertyPath: m_LocalPosition.z
      value: 0.56800044
      objectReference: {fileID: 0}
    - target: {fileID: 634772820906785640, guid: af6cdbb4785c20848a359fb4a4895d73,
        type: 3}
      propertyPath: m_LocalRotation.x
      value: -0
      objectReference: {fileID: 0}
    - target: {fileID: 634772820906785640, guid: af6cdbb4785c20848a359fb4a4895d73,
        type: 3}
      propertyPath: m_LocalRotation.y
      value: -0
      objectReference: {fileID: 0}
    - target: {fileID: 634772820906785640, guid: af6cdbb4785c20848a359fb4a4895d73,
        type: 3}
      propertyPath: m_LocalRotation.z
      value: -0
      objectReference: {fileID: 0}
    - target: {fileID: 634772820906785640, guid: af6cdbb4785c20848a359fb4a4895d73,
        type: 3}
      propertyPath: m_LocalRotation.w
      value: 1
      objectReference: {fileID: 0}
    - target: {fileID: 634772820906785640, guid: af6cdbb4785c20848a359fb4a4895d73,
        type: 3}
      propertyPath: m_RootOrder
      value: 4
      objectReference: {fileID: 0}
    - target: {fileID: 634772820906785640, guid: af6cdbb4785c20848a359fb4a4895d73,
        type: 3}
      propertyPath: m_LocalEulerAnglesHint.x
      value: 0
      objectReference: {fileID: 0}
    - target: {fileID: 634772820906785640, guid: af6cdbb4785c20848a359fb4a4895d73,
        type: 3}
      propertyPath: m_LocalEulerAnglesHint.y
      value: 0
      objectReference: {fileID: 0}
    - target: {fileID: 634772820906785640, guid: af6cdbb4785c20848a359fb4a4895d73,
        type: 3}
      propertyPath: m_LocalEulerAnglesHint.z
      value: 0
      objectReference: {fileID: 0}
    m_RemovedComponents: []
  m_SourcePrefab: {fileID: 100100000, guid: af6cdbb4785c20848a359fb4a4895d73, type: 3}
--- !u!4 &1684305270817911844 stripped
Transform:
  m_CorrespondingSourceObject: {fileID: 634772820906785640, guid: af6cdbb4785c20848a359fb4a4895d73,
    type: 3}
  m_PrefabInstance: {fileID: 2274581952970608460}
  m_PrefabAsset: {fileID: 0}
--- !u!1001 &2274581953098776903
PrefabInstance:
  m_ObjectHideFlags: 0
  serializedVersion: 2
  m_Modification:
    m_TransformParent: {fileID: 2274581953455293750}
    m_Modifications:
    - target: {fileID: 634772820906785619, guid: af6cdbb4785c20848a359fb4a4895d73,
        type: 3}
      propertyPath: m_Name
      value: Guide (1)
      objectReference: {fileID: 0}
    - target: {fileID: 634772820906785640, guid: af6cdbb4785c20848a359fb4a4895d73,
        type: 3}
      propertyPath: m_LocalPosition.x
      value: -0.16400015
      objectReference: {fileID: 0}
    - target: {fileID: 634772820906785640, guid: af6cdbb4785c20848a359fb4a4895d73,
        type: 3}
      propertyPath: m_LocalPosition.y
      value: 0.353
      objectReference: {fileID: 0}
    - target: {fileID: 634772820906785640, guid: af6cdbb4785c20848a359fb4a4895d73,
        type: 3}
      propertyPath: m_LocalPosition.z
      value: -0.61999977
      objectReference: {fileID: 0}
    - target: {fileID: 634772820906785640, guid: af6cdbb4785c20848a359fb4a4895d73,
        type: 3}
      propertyPath: m_LocalRotation.x
      value: -0
      objectReference: {fileID: 0}
    - target: {fileID: 634772820906785640, guid: af6cdbb4785c20848a359fb4a4895d73,
        type: 3}
      propertyPath: m_LocalRotation.y
      value: -0
      objectReference: {fileID: 0}
    - target: {fileID: 634772820906785640, guid: af6cdbb4785c20848a359fb4a4895d73,
        type: 3}
      propertyPath: m_LocalRotation.z
      value: -0
      objectReference: {fileID: 0}
    - target: {fileID: 634772820906785640, guid: af6cdbb4785c20848a359fb4a4895d73,
        type: 3}
      propertyPath: m_LocalRotation.w
      value: 1
      objectReference: {fileID: 0}
    - target: {fileID: 634772820906785640, guid: af6cdbb4785c20848a359fb4a4895d73,
        type: 3}
      propertyPath: m_RootOrder
      value: 1
      objectReference: {fileID: 0}
    - target: {fileID: 634772820906785640, guid: af6cdbb4785c20848a359fb4a4895d73,
        type: 3}
      propertyPath: m_LocalEulerAnglesHint.x
      value: 0
      objectReference: {fileID: 0}
    - target: {fileID: 634772820906785640, guid: af6cdbb4785c20848a359fb4a4895d73,
        type: 3}
      propertyPath: m_LocalEulerAnglesHint.y
      value: 0
      objectReference: {fileID: 0}
    - target: {fileID: 634772820906785640, guid: af6cdbb4785c20848a359fb4a4895d73,
        type: 3}
      propertyPath: m_LocalEulerAnglesHint.z
      value: 0
      objectReference: {fileID: 0}
    m_RemovedComponents: []
  m_SourcePrefab: {fileID: 100100000, guid: af6cdbb4785c20848a359fb4a4895d73, type: 3}
--- !u!4 &1684305270975445551 stripped
Transform:
  m_CorrespondingSourceObject: {fileID: 634772820906785640, guid: af6cdbb4785c20848a359fb4a4895d73,
    type: 3}
  m_PrefabInstance: {fileID: 2274581953098776903}
  m_PrefabAsset: {fileID: 0}
--- !u!1001 &2274581953169115759
PrefabInstance:
  m_ObjectHideFlags: 0
  serializedVersion: 2
  m_Modification:
    m_TransformParent: {fileID: 2274581953455293750}
    m_Modifications:
    - target: {fileID: 634772820906785619, guid: af6cdbb4785c20848a359fb4a4895d73,
        type: 3}
      propertyPath: m_Name
      value: Guide (2)
      objectReference: {fileID: 0}
    - target: {fileID: 634772820906785640, guid: af6cdbb4785c20848a359fb4a4895d73,
        type: 3}
      propertyPath: m_LocalPosition.x
      value: -0.11799991
      objectReference: {fileID: 0}
    - target: {fileID: 634772820906785640, guid: af6cdbb4785c20848a359fb4a4895d73,
        type: 3}
      propertyPath: m_LocalPosition.y
      value: 0.5310002
      objectReference: {fileID: 0}
    - target: {fileID: 634772820906785640, guid: af6cdbb4785c20848a359fb4a4895d73,
        type: 3}
      propertyPath: m_LocalPosition.z
      value: -0.6629998
      objectReference: {fileID: 0}
    - target: {fileID: 634772820906785640, guid: af6cdbb4785c20848a359fb4a4895d73,
        type: 3}
      propertyPath: m_LocalRotation.x
      value: -0
      objectReference: {fileID: 0}
    - target: {fileID: 634772820906785640, guid: af6cdbb4785c20848a359fb4a4895d73,
        type: 3}
      propertyPath: m_LocalRotation.y
      value: -0
      objectReference: {fileID: 0}
    - target: {fileID: 634772820906785640, guid: af6cdbb4785c20848a359fb4a4895d73,
        type: 3}
      propertyPath: m_LocalRotation.z
      value: -0
      objectReference: {fileID: 0}
    - target: {fileID: 634772820906785640, guid: af6cdbb4785c20848a359fb4a4895d73,
        type: 3}
      propertyPath: m_LocalRotation.w
      value: 1
      objectReference: {fileID: 0}
    - target: {fileID: 634772820906785640, guid: af6cdbb4785c20848a359fb4a4895d73,
        type: 3}
      propertyPath: m_RootOrder
      value: 2
      objectReference: {fileID: 0}
    - target: {fileID: 634772820906785640, guid: af6cdbb4785c20848a359fb4a4895d73,
        type: 3}
      propertyPath: m_LocalEulerAnglesHint.x
      value: 0
      objectReference: {fileID: 0}
    - target: {fileID: 634772820906785640, guid: af6cdbb4785c20848a359fb4a4895d73,
        type: 3}
      propertyPath: m_LocalEulerAnglesHint.y
      value: 0
      objectReference: {fileID: 0}
    - target: {fileID: 634772820906785640, guid: af6cdbb4785c20848a359fb4a4895d73,
        type: 3}
      propertyPath: m_LocalEulerAnglesHint.z
      value: 0
      objectReference: {fileID: 0}
    m_RemovedComponents: []
  m_SourcePrefab: {fileID: 100100000, guid: af6cdbb4785c20848a359fb4a4895d73, type: 3}
--- !u!4 &1684305270610620679 stripped
Transform:
  m_CorrespondingSourceObject: {fileID: 634772820906785640, guid: af6cdbb4785c20848a359fb4a4895d73,
    type: 3}
  m_PrefabInstance: {fileID: 2274581953169115759}
  m_PrefabAsset: {fileID: 0}
--- !u!1001 &2274581954236943797
PrefabInstance:
  m_ObjectHideFlags: 0
  serializedVersion: 2
  m_Modification:
    m_TransformParent: {fileID: 2274581953455293750}
    m_Modifications:
    - target: {fileID: 634772820906785619, guid: af6cdbb4785c20848a359fb4a4895d73,
        type: 3}
      propertyPath: m_Name
      value: Guide (3)
      objectReference: {fileID: 0}
    - target: {fileID: 634772820906785640, guid: af6cdbb4785c20848a359fb4a4895d73,
        type: 3}
      propertyPath: m_LocalPosition.x
      value: -0.010999918
      objectReference: {fileID: 0}
    - target: {fileID: 634772820906785640, guid: af6cdbb4785c20848a359fb4a4895d73,
        type: 3}
      propertyPath: m_LocalPosition.y
      value: 0.184
      objectReference: {fileID: 0}
    - target: {fileID: 634772820906785640, guid: af6cdbb4785c20848a359fb4a4895d73,
        type: 3}
      propertyPath: m_LocalPosition.z
      value: 0.35600042
      objectReference: {fileID: 0}
    - target: {fileID: 634772820906785640, guid: af6cdbb4785c20848a359fb4a4895d73,
        type: 3}
      propertyPath: m_LocalRotation.x
      value: -0
      objectReference: {fileID: 0}
    - target: {fileID: 634772820906785640, guid: af6cdbb4785c20848a359fb4a4895d73,
        type: 3}
      propertyPath: m_LocalRotation.y
      value: -0
      objectReference: {fileID: 0}
    - target: {fileID: 634772820906785640, guid: af6cdbb4785c20848a359fb4a4895d73,
        type: 3}
      propertyPath: m_LocalRotation.z
      value: -0
      objectReference: {fileID: 0}
    - target: {fileID: 634772820906785640, guid: af6cdbb4785c20848a359fb4a4895d73,
        type: 3}
      propertyPath: m_LocalRotation.w
      value: 1
      objectReference: {fileID: 0}
    - target: {fileID: 634772820906785640, guid: af6cdbb4785c20848a359fb4a4895d73,
        type: 3}
      propertyPath: m_RootOrder
      value: 3
      objectReference: {fileID: 0}
    - target: {fileID: 634772820906785640, guid: af6cdbb4785c20848a359fb4a4895d73,
        type: 3}
      propertyPath: m_LocalEulerAnglesHint.x
      value: 0
      objectReference: {fileID: 0}
    - target: {fileID: 634772820906785640, guid: af6cdbb4785c20848a359fb4a4895d73,
        type: 3}
      propertyPath: m_LocalEulerAnglesHint.y
      value: 0
      objectReference: {fileID: 0}
    - target: {fileID: 634772820906785640, guid: af6cdbb4785c20848a359fb4a4895d73,
        type: 3}
      propertyPath: m_LocalEulerAnglesHint.z
      value: 0
      objectReference: {fileID: 0}
    m_RemovedComponents: []
  m_SourcePrefab: {fileID: 100100000, guid: af6cdbb4785c20848a359fb4a4895d73, type: 3}
--- !u!4 &1684305269568714461 stripped
Transform:
  m_CorrespondingSourceObject: {fileID: 634772820906785640, guid: af6cdbb4785c20848a359fb4a4895d73,
    type: 3}
  m_PrefabInstance: {fileID: 2274581954236943797}
  m_PrefabAsset: {fileID: 0}
